
<marc:record><marc:leader>02039nam a2200397 a 4500</marc:leader>
<marc:controlfield tag="001">000188515</marc:controlfield>
<marc:controlfield tag="003">CaOONL</marc:controlfield><marc:controlfield tag="005">20240701134951.0</marc:controlfield><marc:controlfield tag="008">840510s1984    dcua     tb  f100 0 eng d</marc:controlfield><marc:datafield tag="035" ind1="9" ind2=" "><marc:subfield code="a">gp^84015526</marc:subfield></marc:datafield><marc:datafield tag="035" ind1=" " ind2=" "><marc:subfield code="a">(OCoLC)10715011</marc:subfield></marc:datafield><marc:datafield tag="040" ind1=" " ind2=" "><marc:subfield code="a">GPO</marc:subfield><marc:subfield code="b">eng</marc:subfield><marc:subfield code="c">GPO</marc:subfield></marc:datafield><marc:datafield tag="050" ind1="0" ind2="0"><marc:subfield code="a">QB330</marc:subfield><marc:subfield code="b">.S64 1983</marc:subfield></marc:datafield><marc:datafield tag="074" ind1=" " ind2=" "><marc:subfield code="a">830-H-10 (microfiche)</marc:subfield></marc:datafield><marc:datafield tag="086" ind1="0" ind2=" "><marc:subfield code="a">NAS 1.55:2305</marc:subfield></marc:datafield><marc:datafield tag="099" ind1=" " ind2=" "><marc:subfield code="a">NAS 1.55:2305</marc:subfield></marc:datafield><marc:datafield tag="111" ind1="2" ind2=" "><marc:subfield code="a">Spaceborne Gravity Gradiometer Workshop</marc:subfield><marc:subfield code="d">(1983 :</marc:subfield><marc:subfield code="c">Goddard Space Flight Center)</marc:subfield><marc:subfield code="0">https://id.loc.gov/authorities/names/n84002826</marc:subfield></marc:datafield><marc:datafield tag="245" ind1="1" ind2="0"><marc:subfield code="a">Spaceborne gravity gradiometers :</marc:subfield><marc:subfield code="b">proceedings of a workshop sponsored by the OSSA Geodynamics Branch and held at NASA Goddard Space Flight Center, Greenbelt, Maryland, February 28-March 2, 1983 /</marc:subfield><marc:subfield code="c">edited by William C. Wells.</marc:subfield></marc:datafield><marc:datafield tag="264" ind1=" " ind2="1"><marc:subfield code="a">Washington, D.C. :</marc:subfield><marc:subfield code="b">National Aeronautics and Space Administration, Scientific and Technical Information Branch ;</marc:subfield><marc:subfield code="a">[Springfield, Va.] :</marc:subfield><marc:subfield code="b">[For sale by the National Technical Information Service],</marc:subfield><marc:subfield code="c">1983.</marc:subfield></marc:datafield><marc:datafield tag="300" ind1=" " ind2=" "><marc:subfield code="a">viii, 76 pages :</marc:subfield><marc:subfield code="b">illustrations ;</marc:subfield><marc:subfield code="c">28 cm.</marc:subfield></marc:datafield><marc:datafield tag="336" ind1=" " ind2=" "><marc:subfield code="a">text</marc:subfield><marc:subfield code="b">txt</marc:subfield><marc:subfield code="2">rdacontent</marc:subfield></marc:datafield><marc:datafield tag="337" ind1=" " ind2=" "><marc:subfield code="a">unmediated</marc:subfield><marc:subfield code="b">n</marc:subfield><marc:subfield code="2">rdamedia</marc:subfield></marc:datafield><marc:datafield tag="338" ind1=" " ind2=" "><marc:subfield code="a">volume</marc:subfield><marc:subfield code="b">nc</marc:subfield><marc:subfield code="2">rdacarrier</marc:subfield></marc:datafield><marc:datafield tag="490" ind1="1" ind2=" "><marc:subfield code="a">NASA conference publication ;</marc:subfield><marc:subfield code="v">2305</marc:subfield></marc:datafield><marc:datafield tag="500" ind1=" " ind2=" "><marc:subfield code="a">&quot;Science Applications, Inc.&quot;</marc:subfield></marc:datafield><marc:datafield tag="500" ind1=" " ind2=" "><marc:subfield code="a">Distributed to depository libraries in microfiche.</marc:subfield></marc:datafield><marc:datafield tag="500" ind1=" " ind2=" "><marc:subfield code="a">Subject category 42.</marc:subfield></marc:datafield><marc:datafield tag="504" ind1=" " ind2=" "><marc:subfield code="a">Bibliography: pages 75-76.</marc:subfield></marc:datafield><marc:datafield tag="536" ind1=" " ind2=" "><marc:subfield code="b">NASW-3622.</marc:subfield></marc:datafield><marc:datafield tag="590" ind1=" " ind2=" "><marc:subfield code="a">[Item 830-H-10 (microfiche); zai/ /es]</marc:subfield></marc:datafield><marc:datafield tag="650" ind1=" " ind2="0"><marc:subfield code="a">Gravity</marc:subfield><marc:subfield code="x">Measurement.</marc:subfield><marc:subfield code="0">https://id.loc.gov/authorities/subjects/sh85056564</marc:subfield></marc:datafield><marc:datafield tag="700" ind1="1" ind2=" "><marc:subfield code="a">Wells, William C.,</marc:subfield><marc:subfield code="d">1942-</marc:subfield><marc:subfield code="0">https://id.loc.gov/authorities/names/n78074555</marc:subfield></marc:datafield><marc:datafield tag="710" ind1="1" ind2=" "><marc:subfield code="a">United States.</marc:subfield><marc:subfield code="b">National Aeronautics and Space Administration.</marc:subfield><marc:subfield code="b">Scientific and Technical Information Branch.</marc:subfield><marc:subfield code="0">https://id.loc.gov/authorities/names/n78091122</marc:subfield></marc:datafield><marc:datafield tag="710" ind1="2" ind2=" "><marc:subfield code="a">Science Applications, inc.</marc:subfield><marc:subfield code="0">https://id.loc.gov/authorities/names/n79084612</marc:subfield></marc:datafield><marc:datafield tag="830" ind1=" " ind2="0"><marc:subfield code="a">NASA conference publication ;</marc:subfield><marc:subfield code="0">https://id.loc.gov/authorities/names/n42017376</marc:subfield><marc:subfield code="v">2305.</marc:subfield></marc:datafield><marc:datafield tag="049" ind1=" " ind2=" "><marc:subfield code="a">GPOO</marc:subfield></marc:datafield></marc:record>