
<marc:record><marc:leader>01842nam a2200397Ii 4500</marc:leader>
<marc:controlfield tag="001">000325960</marc:controlfield>
<marc:controlfield tag="005">20240701133800.0</marc:controlfield><marc:controlfield tag="008">801015m19779999dcua     b   f000 0 eng d</marc:controlfield><marc:datafield tag="020" ind1=" " ind2=" "><marc:subfield code="q">(paperback)</marc:subfield></marc:datafield><marc:datafield tag="035" ind1=" " ind2=" "><marc:subfield code="a">(OCoLC)06827847</marc:subfield></marc:datafield><marc:datafield tag="035" ind1="9" ind2=" "><marc:subfield code="a">ocm06827847</marc:subfield></marc:datafield><marc:datafield tag="037" ind1=" " ind2=" "><marc:subfield code="b">22161</marc:subfield></marc:datafield><marc:datafield tag="040" ind1=" " ind2=" "><marc:subfield code="b">eng</marc:subfield><marc:subfield code="d">m.c.</marc:subfield><marc:subfield code="d">m/c</marc:subfield><marc:subfield code="d">GPO</marc:subfield></marc:datafield><marc:datafield tag="074" ind1=" " ind2=" "><marc:subfield code="a">429-T-4 (MF)</marc:subfield></marc:datafield><marc:datafield tag="086" ind1="0" ind2=" "><marc:subfield code="a">ER 1.11:ERDA/JPL/954334-77/3</marc:subfield></marc:datafield><marc:datafield tag="110" ind1="2" ind2=" "><marc:subfield code="a">Union Carbide Corporation.</marc:subfield><marc:subfield code="b">Chemicals and Plastics Division.</marc:subfield><marc:subfield code="0">https://id.loc.gov/authorities/names/n50058924</marc:subfield></marc:datafield><marc:datafield tag="245" ind1="1" ind2="0"><marc:subfield code="a">Low cost silicon solar array project :</marc:subfield><marc:subfield code="b">Task 1, silicon material task.</marc:subfield></marc:datafield><marc:datafield tag="260" ind1=" " ind2=" "><marc:subfield code="a">[Washington] :</marc:subfield><marc:subfield code="b">Energy Research and Development Administration, Division of Solar Energy ;</marc:subfield><marc:subfield code="a">[Springfield, Va.] :</marc:subfield><marc:subfield code="b">[for sale by the National Technical Information Service],</marc:subfield><marc:subfield code="c">1977-</marc:subfield></marc:datafield><marc:datafield tag="300" ind1=" " ind2=" "><marc:subfield code="a">volumes :</marc:subfield><marc:subfield code="b">illustrations ;</marc:subfield><marc:subfield code="c">28 cm.</marc:subfield></marc:datafield><marc:datafield tag="336" ind1=" " ind2=" "><marc:subfield code="a">text</marc:subfield><marc:subfield code="b">txt</marc:subfield><marc:subfield code="2">rdacontent</marc:subfield></marc:datafield><marc:datafield tag="337" ind1=" " ind2=" "><marc:subfield code="a">unmediated</marc:subfield><marc:subfield code="b">n</marc:subfield><marc:subfield code="2">rdamedia</marc:subfield></marc:datafield><marc:datafield tag="338" ind1=" " ind2=" "><marc:subfield code="a">volume</marc:subfield><marc:subfield code="b">nc</marc:subfield><marc:subfield code="2">rdacarrier</marc:subfield></marc:datafield><marc:datafield tag="490" ind1="1" ind2=" "><marc:subfield code="a">ERDA/JPL ; 954334-77/3</marc:subfield></marc:datafield><marc:datafield tag="500" ind1=" " ind2=" "><marc:subfield code="a">&quot;Union Carbide Corporation, Carbon Products Division.&quot;</marc:subfield></marc:datafield><marc:datafield tag="500" ind1=" " ind2=" "><marc:subfield code="a">Authors: W. C. Breneman and others.</marc:subfield></marc:datafield><marc:datafield tag="500" ind1=" " ind2=" "><marc:subfield code="a">JPL contract 954334.</marc:subfield></marc:datafield><marc:datafield tag="500" ind1=" " ind2=" "><marc:subfield code="a">Oct. 1977.</marc:subfield></marc:datafield><marc:datafield tag="505" ind1="0" ind2=" "><marc:subfield code="a">Quarterly progress report, period covered: April - June 1977.</marc:subfield></marc:datafield><marc:datafield tag="650" ind1=" " ind2="0"><marc:subfield code="a">Silane.</marc:subfield><marc:subfield code="0">https://id.loc.gov/authorities/subjects/sh90001654</marc:subfield></marc:datafield><marc:datafield tag="650" ind1=" " ind2="0"><marc:subfield code="a">Siliconizing (Metallurgy)</marc:subfield><marc:subfield code="0">https://id.loc.gov/authorities/subjects/sh85122537</marc:subfield></marc:datafield><marc:datafield tag="700" ind1="1" ind2=" "><marc:subfield code="a">Breneman, W. C.</marc:subfield><marc:subfield code="0">https://id.loc.gov/authorities/names/n88608723</marc:subfield></marc:datafield><marc:datafield tag="710" ind1="1" ind2=" "><marc:subfield code="a">United States.</marc:subfield><marc:subfield code="b">Energy Research and Development Administration.</marc:subfield><marc:subfield code="b">Division of Solar Energy.</marc:subfield><marc:subfield code="0">https://id.loc.gov/authorities/names/n89623562</marc:subfield></marc:datafield><marc:datafield tag="710" ind1="2" ind2=" "><marc:subfield code="a">Union Carbide Corporation.</marc:subfield><marc:subfield code="b">Carbon Products Division.</marc:subfield><marc:subfield code="0">https://id.loc.gov/authorities/names/n80130623</marc:subfield></marc:datafield><marc:datafield tag="830" ind1=" " ind2="0"><marc:subfield code="a">ERDA/JPL ;</marc:subfield><marc:subfield code="v">954334-77/3.</marc:subfield></marc:datafield><marc:datafield tag="049" ind1=" " ind2=" "><marc:subfield code="a">GPOO</marc:subfield></marc:datafield><marc:datafield tag="990" ind1=" " ind2=" "><marc:subfield code="a">GPO92076879</marc:subfield></marc:datafield></marc:record>