
<marc:record><marc:leader>02081nam a2200385Ia 4500</marc:leader>
<marc:controlfield tag="001">000496046</marc:controlfield>
<marc:controlfield tag="003">OCoLC</marc:controlfield><marc:controlfield tag="005">20240701134337.0</marc:controlfield><marc:controlfield tag="007">he bmb024bbca</marc:controlfield><marc:controlfield tag="008">981116s1996    dcua    b    f100 0 eng d</marc:controlfield><marc:datafield tag="035" ind1=" " ind2=" "><marc:subfield code="a">(OCoLC)40324656</marc:subfield></marc:datafield><marc:datafield tag="035" ind1="9" ind2=" "><marc:subfield code="a">ocm40324656</marc:subfield></marc:datafield><marc:datafield tag="043" ind1=" " ind2=" "><marc:subfield code="a">n-us---</marc:subfield></marc:datafield><marc:datafield tag="074" ind1=" " ind2=" "><marc:subfield code="a">0780-A-01 (MF)</marc:subfield></marc:datafield><marc:datafield tag="086" ind1="0" ind2=" "><marc:subfield code="a">L 37.2:W 89/8</marc:subfield></marc:datafield><marc:datafield tag="111" ind1="2" ind2=" "><marc:subfield code="a">Worker Profiling and Reemployment Services (WPRS) National Colloquium</marc:subfield><marc:subfield code="d">(1996 :</marc:subfield><marc:subfield code="c">Atlanta, Ga.)</marc:subfield><marc:subfield code="0">https://id.loc.gov/authorities/names/no98122521</marc:subfield></marc:datafield><marc:datafield tag="245" ind1="1" ind2="0"><marc:subfield code="a">Worker Profiling and Reemployment Services (WPRS) National Colloquium, June 1996</marc:subfield><marc:subfield code="h">[microform] :</marc:subfield><marc:subfield code="b">selected papers and materials /</marc:subfield><marc:subfield code="c">David E. Balducchi, editor.</marc:subfield></marc:datafield><marc:datafield tag="246" ind1="1" ind2=" "><marc:subfield code="i">Header title:</marc:subfield><marc:subfield code="a">Worker profiling &amp; reemployment serv. (WPRS)</marc:subfield></marc:datafield><marc:datafield tag="246" ind1="1" ind2="4"><marc:subfield code="a">Worker Profiling and Reemployment Services (WPRS) systems :</marc:subfield><marc:subfield code="b">National WPRS Colloquium, June 1996</marc:subfield></marc:datafield><marc:datafield tag="264" ind1=" " ind2="1"><marc:subfield code="a">[Washington, D.C.?] :</marc:subfield><marc:subfield code="b">U.S. Dept. of Labor, Employment and Training Administration, U.S Employment Service :</marc:subfield><marc:subfield code="b">Office of Work-based Learning :</marc:subfield><marc:subfield code="b">Unemployment Insurance Service,</marc:subfield><marc:subfield code="c">1996.</marc:subfield></marc:datafield><marc:datafield tag="300" ind1=" " ind2=" "><marc:subfield code="a">ix, 311 pages :</marc:subfield><marc:subfield code="b">illustrations ;</marc:subfield><marc:subfield code="c">28 cm</marc:subfield></marc:datafield><marc:datafield tag="336" ind1=" " ind2=" "><marc:subfield code="a">text</marc:subfield><marc:subfield code="b">txt</marc:subfield><marc:subfield code="2">rdacontent</marc:subfield></marc:datafield><marc:datafield tag="337" ind1=" " ind2=" "><marc:subfield code="a">microform</marc:subfield><marc:subfield code="b">h</marc:subfield><marc:subfield code="2">rdamedia</marc:subfield></marc:datafield><marc:datafield tag="338" ind1=" " ind2=" "><marc:subfield code="a">microfiche</marc:subfield><marc:subfield code="b">he</marc:subfield><marc:subfield code="2">rdacarrier</marc:subfield></marc:datafield><marc:datafield tag="500" ind1=" " ind2=" "><marc:subfield code="a">Shipping list no.: 98-1003-M.</marc:subfield></marc:datafield><marc:datafield tag="533" ind1=" " ind2=" "><marc:subfield code="a">Microfiche.</marc:subfield><marc:subfield code="b">[Washington, D.C.] :</marc:subfield><marc:subfield code="c">Supt. of Docs, U.S. G.P.O.,</marc:subfield><marc:subfield code="d">[1998]</marc:subfield><marc:subfield code="e">4 microfiches : negative</marc:subfield><marc:subfield code="n">Header title: Worker profiling &amp; reemployment serv. (WPRS)</marc:subfield></marc:datafield><marc:datafield tag="650" ind1=" " ind2="0"><marc:subfield code="a">Employment agencies</marc:subfield><marc:subfield code="z">United States</marc:subfield><marc:subfield code="x">States</marc:subfield><marc:subfield code="v">Congresses.</marc:subfield></marc:datafield><marc:datafield tag="650" ind1=" " ind2="0"><marc:subfield code="a">Unemployment insurance claimants</marc:subfield><marc:subfield code="x">Services for</marc:subfield><marc:subfield code="z">United States</marc:subfield><marc:subfield code="v">Congresses.</marc:subfield></marc:datafield><marc:datafield tag="650" ind1=" " ind2="0"><marc:subfield code="a">Occupational retraining</marc:subfield><marc:subfield code="z">United States</marc:subfield><marc:subfield code="v">Congresses.</marc:subfield></marc:datafield><marc:datafield tag="650" ind1=" " ind2="0"><marc:subfield code="a">Unemployed</marc:subfield><marc:subfield code="x">Services for</marc:subfield><marc:subfield code="z">United States</marc:subfield><marc:subfield code="v">Congresses.</marc:subfield></marc:datafield><marc:datafield tag="655" ind1=" " ind2="7"><marc:subfield code="a">Conference papers and proceedings.</marc:subfield><marc:subfield code="2">lcgft</marc:subfield><marc:subfield code="0">https://id.loc.gov/authorities/genreForms/gf2014026068</marc:subfield></marc:datafield><marc:datafield tag="700" ind1="1" ind2=" "><marc:subfield code="a">Balducchi, David E.</marc:subfield><marc:subfield code="0">https://id.loc.gov/authorities/names/n2003118725</marc:subfield></marc:datafield><marc:datafield tag="710" ind1="2" ind2=" "><marc:subfield code="a">United States Employment Service.</marc:subfield><marc:subfield code="0">https://id.loc.gov/authorities/names/n80050133</marc:subfield></marc:datafield><marc:datafield tag="049" ind1=" " ind2=" "><marc:subfield code="a">GPOO</marc:subfield></marc:datafield><marc:datafield tag="990" ind1=" " ind2=" "><marc:subfield code="a">GPO97111274</marc:subfield></marc:datafield></marc:record>