
<marc:record><marc:leader>01543nkm a2200373Ia 4500</marc:leader>
<marc:controlfield tag="001">000637375</marc:controlfield>
<marc:controlfield tag="005">20240705120210.0</marc:controlfield><marc:controlfield tag="006">m        d f        </marc:controlfield><marc:controlfield tag="007">kf czz</marc:controlfield><marc:controlfield tag="007">cr cn||||a||||</marc:controlfield><marc:controlfield tag="008">090416s2009    dcu          fs   ineng d</marc:controlfield><marc:datafield tag="035" ind1=" " ind2=" "><marc:subfield code="a">(OCoLC)318585930</marc:subfield></marc:datafield><marc:datafield tag="040" ind1=" " ind2=" "><marc:subfield code="a">GPO</marc:subfield><marc:subfield code="b">eng</marc:subfield><marc:subfield code="c">GPO</marc:subfield></marc:datafield><marc:datafield tag="074" ind1=" " ind2=" "><marc:subfield code="a">0074-E-03 (online)</marc:subfield></marc:datafield><marc:datafield tag="086" ind1="0" ind2=" "><marc:subfield code="a">PE 1.12:AS 4</marc:subfield></marc:datafield><marc:datafield tag="245" ind1="0" ind2="0"><marc:subfield code="a">&quot;Celebrating decades of pride, partnerships, and progress&quot;</marc:subfield><marc:subfield code="h">[electronic resource] :</marc:subfield><marc:subfield code="b">Asian/Pacific American Heritage Month /</marc:subfield><marc:subfield code="c">Peace Corps.</marc:subfield></marc:datafield><marc:datafield tag="246" ind1="3" ind2=" "><marc:subfield code="a">Asian/Pacific American Heritage Month</marc:subfield></marc:datafield><marc:datafield tag="264" ind1=" " ind2="1"><marc:subfield code="a">[Washington, D.C.] :</marc:subfield><marc:subfield code="b">Paul D. Coverdell Worldwise Schools,</marc:subfield><marc:subfield code="c">[2009?]</marc:subfield></marc:datafield><marc:datafield tag="300" ind1=" " ind2=" "><marc:subfield code="a">1 poster :</marc:subfield><marc:subfield code="b">digital, PDF file</marc:subfield></marc:datafield><marc:datafield tag="336" ind1=" " ind2=" "><marc:subfield code="b">zzz</marc:subfield><marc:subfield code="2">rdacontent</marc:subfield></marc:datafield><marc:datafield tag="337" ind1=" " ind2=" "><marc:subfield code="a">computer</marc:subfield><marc:subfield code="b">c</marc:subfield><marc:subfield code="2">rdamedia</marc:subfield></marc:datafield><marc:datafield tag="338" ind1=" " ind2=" "><marc:subfield code="b">cr</marc:subfield><marc:subfield code="2">rdacarrier</marc:subfield></marc:datafield><marc:datafield tag="538" ind1=" " ind2=" "><marc:subfield code="a">Mode of access: Internet from the Peace Corps web site. Address as of 04/15/09: http://www.peacecorps.gov/wws/multimedia/posters/posters/apahm.pdf ; current access is available via PURL.</marc:subfield></marc:datafield><marc:datafield tag="500" ind1=" " ind2=" "><marc:subfield code="a">Title from PDF screen (viewed Apr. 15, 2009)</marc:subfield></marc:datafield><marc:datafield tag="650" ind1=" " ind2="0"><marc:subfield code="a">Asian Americans</marc:subfield><marc:subfield code="v">Posters.</marc:subfield></marc:datafield><marc:datafield tag="650" ind1=" " ind2="0"><marc:subfield code="a">Pacific Islander Americans</marc:subfield><marc:subfield code="v">Posters.</marc:subfield></marc:datafield><marc:datafield tag="710" ind1="2" ind2=" "><marc:subfield code="a">Peace Corps (U.S.)</marc:subfield><marc:subfield code="0">https://id.loc.gov/authorities/names/n79099503</marc:subfield></marc:datafield><marc:datafield tag="710" ind1="2" ind2=" "><marc:subfield code="a">Paul D. Coverdell World Wise Schools (Peace Corps)</marc:subfield><marc:subfield code="0">https://id.loc.gov/authorities/names/no2003051697</marc:subfield></marc:datafield><marc:datafield tag="856" ind1="4" ind2="0"><marc:subfield code="u">https://purl.fdlp.gov/GPO/LPS111277</marc:subfield></marc:datafield><marc:datafield tag="994" ind1=" " ind2=" "><marc:subfield code="a">C0</marc:subfield><marc:subfield code="b">GPO</marc:subfield></marc:datafield><marc:datafield tag="922" ind1=" " ind2=" "><marc:subfield code="a">STAFFPICK202406</marc:subfield></marc:datafield><marc:datafield tag="049" ind1=" " ind2=" "><marc:subfield code="a">XZL4</marc:subfield></marc:datafield><marc:datafield tag="955" ind1=" " ind2=" "><marc:subfield code="a">bca15 20090416</marc:subfield><marc:subfield code="b">20090416</marc:subfield></marc:datafield><marc:datafield tag="922" ind1=" " ind2=" "><marc:subfield code="a">PERM_INGEST_04282022</marc:subfield></marc:datafield></marc:record>