
<marc:record><marc:leader>02085nem a2200505 i 4500</marc:leader>
<marc:controlfield tag="001">001234235</marc:controlfield>
<marc:controlfield tag="005">20240714122047.0</marc:controlfield><marc:controlfield tag="007">ad canzn</marc:controlfield><marc:controlfield tag="008">240705r20232021nmuabg bh e  f  1   eng c</marc:controlfield><marc:datafield tag="020" ind1=" " ind2=" "><marc:subfield code="a">9781628112252</marc:subfield></marc:datafield><marc:datafield tag="020" ind1=" " ind2=" "><marc:subfield code="a">1628112255</marc:subfield></marc:datafield><marc:datafield tag="034" ind1="1" ind2=" "><marc:subfield code="a">a</marc:subfield><marc:subfield code="b">63360</marc:subfield><marc:subfield code="d">W1124500</marc:subfield><marc:subfield code="e">W1113730</marc:subfield><marc:subfield code="f">N0370000</marc:subfield><marc:subfield code="g">N0345230</marc:subfield></marc:datafield><marc:datafield tag="035" ind1=" " ind2=" "><marc:subfield code="a">(OCoLC)1443769007</marc:subfield></marc:datafield><marc:datafield tag="040" ind1=" " ind2=" "><marc:subfield code="a">GPO</marc:subfield><marc:subfield code="b">eng</marc:subfield><marc:subfield code="e">rda</marc:subfield><marc:subfield code="c">GPO</marc:subfield></marc:datafield><marc:datafield tag="042" ind1=" " ind2=" "><marc:subfield code="a">pcc</marc:subfield></marc:datafield><marc:datafield tag="043" ind1=" " ind2=" "><marc:subfield code="a">n-us-az</marc:subfield></marc:datafield><marc:datafield tag="052" ind1=" " ind2=" "><marc:subfield code="a">4332</marc:subfield><marc:subfield code="b">K3</marc:subfield></marc:datafield><marc:datafield tag="074" ind1=" " ind2=" "><marc:subfield code="a">0086-C-05</marc:subfield></marc:datafield><marc:datafield tag="086" ind1="0" ind2=" "><marc:subfield code="a">A 13.36/2-6:RG-R 3-07-12</marc:subfield></marc:datafield><marc:datafield tag="110" ind1="1" ind2=" "><marc:subfield code="a">United States.</marc:subfield><marc:subfield code="b">Forest Service.</marc:subfield><marc:subfield code="b">Southwestern Region,</marc:subfield><marc:subfield code="e">cartographer.</marc:subfield></marc:datafield><marc:datafield tag="245" ind1="1" ind2="0"><marc:subfield code="a">Kaibab National Forest atlas :</marc:subfield><marc:subfield code="b">7 1/2' quadrangle topographic maps /</marc:subfield><marc:subfield code="c">Forest Service, U.S. Department of Agriculture.</marc:subfield></marc:datafield><marc:datafield tag="250" ind1=" " ind2=" "><marc:subfield code="a">Reprinted 2023.</marc:subfield></marc:datafield><marc:datafield tag="255" ind1=" " ind2=" "><marc:subfield code="a">Scale 1:63,360. 1 inch to the mile ;</marc:subfield><marc:subfield code="b">Transverse Mercator projection</marc:subfield><marc:subfield code="c">(W 11245'00&quot; -- W 11137'30&quot; / N 3700'00&quot;--N 3452'30&quot;).</marc:subfield></marc:datafield><marc:datafield tag="264" ind1=" " ind2="1"><marc:subfield code="a">[Albuquerque, N.M.] :</marc:subfield><marc:subfield code="b">Forest Service, Southwestern Region,</marc:subfield><marc:subfield code="c">2023.</marc:subfield></marc:datafield><marc:datafield tag="300" ind1=" " ind2=" "><marc:subfield code="a">1 atlas (88 pages) :</marc:subfield><marc:subfield code="b">illustrations, color maps ;</marc:subfield><marc:subfield code="c">28 cm</marc:subfield></marc:datafield><marc:datafield tag="336" ind1=" " ind2=" "><marc:subfield code="a">cartographic image</marc:subfield><marc:subfield code="b">cri</marc:subfield><marc:subfield code="2">rdacontent</marc:subfield></marc:datafield><marc:datafield tag="337" ind1=" " ind2=" "><marc:subfield code="a">unmediated</marc:subfield><marc:subfield code="b">n</marc:subfield><marc:subfield code="2">rdamedia</marc:subfield></marc:datafield><marc:datafield tag="338" ind1=" " ind2=" "><marc:subfield code="a">volume</marc:subfield><marc:subfield code="b">nc</marc:subfield><marc:subfield code="2">rdacarrier</marc:subfield></marc:datafield><marc:datafield tag="500" ind1=" " ind2=" "><marc:subfield code="a">Title from cover.</marc:subfield></marc:datafield><marc:datafield tag="500" ind1=" " ind2=" "><marc:subfield code="a">Location map on cover.</marc:subfield></marc:datafield><marc:datafield tag="500" ind1=" " ind2=" "><marc:subfield code="a">In scope of the U.S. Government Publishing Office Cataloging and Indexing Program (C&amp;I) and Federal Depository Library Program (FDLP).</marc:subfield></marc:datafield><marc:datafield tag="500" ind1=" " ind2=" "><marc:subfield code="a">&quot;Produced by USDA Forest Service, Southwestern Region, Geospatial Services with the Kaibab National Forest&quot;--Page 3 of cover.</marc:subfield></marc:datafield><marc:datafield tag="500" ind1=" " ind2=" "><marc:subfield code="a">Spiral bound.</marc:subfield></marc:datafield><marc:datafield tag="500" ind1=" " ind2=" "><marc:subfield code="a">Includes index map.</marc:subfield></marc:datafield><marc:datafield tag="500" ind1=" " ind2=" "><marc:subfield code="a">Shipping list no.: 2024-0108-P.</marc:subfield></marc:datafield><marc:datafield tag="500" ind1=" " ind2=" "><marc:subfield code="a">Relief shown by contours, shading, and spot heights.</marc:subfield></marc:datafield><marc:datafield tag="500" ind1=" " ind2=" "><marc:subfield code="a">&quot;RG-R3-07-12&quot;--Cover.</marc:subfield></marc:datafield><marc:datafield tag="651" ind1=" " ind2="0"><marc:subfield code="a">Kaibab National Forest (Ariz.)</marc:subfield><marc:subfield code="v">Maps.</marc:subfield></marc:datafield><marc:datafield tag="651" ind1=" " ind2="0"><marc:subfield code="a">Kaibab National Forest (Ariz.)</marc:subfield><marc:subfield code="v">Guidebooks.</marc:subfield></marc:datafield><marc:datafield tag="655" ind1=" " ind2="7"><marc:subfield code="a">Topographic maps.</marc:subfield><marc:subfield code="2">lcgft</marc:subfield></marc:datafield><marc:datafield tag="655" ind1=" " ind2="7"><marc:subfield code="a">Atlases.</marc:subfield><marc:subfield code="2">lcgft</marc:subfield></marc:datafield><marc:datafield tag="710" ind1="2" ind2=" "><marc:subfield code="a">Kaibab National Forest (Agency : U.S.),</marc:subfield><marc:subfield code="e">cartographer.</marc:subfield></marc:datafield><marc:datafield tag="994" ind1=" " ind2=" "><marc:subfield code="a">C0</marc:subfield><marc:subfield code="b">GPO</marc:subfield></marc:datafield><marc:datafield tag="955" ind1=" " ind2=" "><marc:subfield code="a">bc97 20230911</marc:subfield></marc:datafield><marc:datafield tag="049" ind1=" " ind2=" "><marc:subfield code="a">GPOO</marc:subfield></marc:datafield></marc:record>