
<marc:record><marc:leader>03203nes a2200577 i 4500</marc:leader>
<marc:controlfield tag="001">001411736</marc:controlfield>
<marc:controlfield tag="005">20240705101157.0</marc:controlfield><marc:controlfield tag="006">m     o  d f      </marc:controlfield><marc:controlfield tag="006">s x        f0    0</marc:controlfield><marc:controlfield tag="007">aj |anzn</marc:controlfield><marc:controlfield tag="007">cr bn|||||||||</marc:controlfield><marc:controlfield tag="008">240705c2uuu9999dcu    bh c  fo 0   eng c</marc:controlfield><marc:datafield tag="010" ind1=" " ind2=" "><marc:subfield code="a">2024234827</marc:subfield></marc:datafield><marc:datafield tag="034" ind1="1" ind2=" "><marc:subfield code="a">a</marc:subfield><marc:subfield code="b">40000</marc:subfield><marc:subfield code="d">W1054100</marc:subfield><marc:subfield code="e">W051800</marc:subfield><marc:subfield code="f">N0401500</marc:subfield><marc:subfield code="g">N0395230</marc:subfield></marc:datafield><marc:datafield tag="035" ind1=" " ind2=" "><marc:subfield code="a">(OCoLC)1443779971</marc:subfield></marc:datafield><marc:datafield tag="040" ind1=" " ind2=" "><marc:subfield code="a">GPO</marc:subfield><marc:subfield code="b">eng</marc:subfield><marc:subfield code="e">rda</marc:subfield><marc:subfield code="e">pn</marc:subfield><marc:subfield code="c">GPO</marc:subfield></marc:datafield><marc:datafield tag="042" ind1=" " ind2=" "><marc:subfield code="a">pcc</marc:subfield></marc:datafield><marc:datafield tag="043" ind1=" " ind2=" "><marc:subfield code="a">n-us-co</marc:subfield></marc:datafield><marc:datafield tag="052" ind1=" " ind2=" "><marc:subfield code="a">4312</marc:subfield><marc:subfield code="b">R66</marc:subfield></marc:datafield><marc:datafield tag="074" ind1=" " ind2=" "><marc:subfield code="a">0080-G-05 (online)</marc:subfield></marc:datafield><marc:datafield tag="086" ind1="0" ind2=" "><marc:subfield code="a">A 13.28:R 67/5/</marc:subfield></marc:datafield><marc:datafield tag="110" ind1="1" ind2=" "><marc:subfield code="a">United States.</marc:subfield><marc:subfield code="b">Forest Service,</marc:subfield><marc:subfield code="0">https://id.loc.gov/authorities/names/n79054932</marc:subfield><marc:subfield code="e">cartographer.</marc:subfield></marc:datafield><marc:datafield tag="245" ind1="1" ind2="0"><marc:subfield code="a">Motor vehicle use map.</marc:subfield><marc:subfield code="p">Boulder Ranger District, Roosevelt National Forest, Colorado /</marc:subfield><marc:subfield code="c">United States Department of Agriculture, Forest Service.</marc:subfield></marc:datafield><marc:datafield tag="246" ind1="1" ind2=" "><marc:subfield code="a">Boulder Ranger District, Roosevelt National Forest, Colorado motor vehicle use map</marc:subfield></marc:datafield><marc:datafield tag="255" ind1=" " ind2=" "><marc:subfield code="a">Scale approximately 1:40,000 ;</marc:subfield><marc:subfield code="b">Universal Transverse Mercator projection, zone 13 N</marc:subfield><marc:subfield code="c">(W 1054100--W 1051800/N 401500--N 395230).</marc:subfield></marc:datafield><marc:datafield tag="264" ind1=" " ind2="1"><marc:subfield code="a">[Washington, D.C.] :</marc:subfield><marc:subfield code="b">United States Department of Agriculture, Forest Service</marc:subfield></marc:datafield><marc:datafield tag="300" ind1=" " ind2=" "><marc:subfield code="a">1 online resource (maps) :</marc:subfield><marc:subfield code="b">color illustrations</marc:subfield></marc:datafield><marc:datafield tag="310" ind1=" " ind2=" "><marc:subfield code="a">Irregular</marc:subfield></marc:datafield><marc:datafield tag="336" ind1=" " ind2=" "><marc:subfield code="a">cartographic image</marc:subfield><marc:subfield code="b">cri</marc:subfield><marc:subfield code="2">rdacontent</marc:subfield></marc:datafield><marc:datafield tag="337" ind1=" " ind2=" "><marc:subfield code="a">computer</marc:subfield><marc:subfield code="b">c</marc:subfield><marc:subfield code="2">rdamedia</marc:subfield></marc:datafield><marc:datafield tag="338" ind1=" " ind2=" "><marc:subfield code="a">online resource</marc:subfield><marc:subfield code="b">cr</marc:subfield><marc:subfield code="2">rdacarrier</marc:subfield></marc:datafield><marc:datafield tag="500" ind1=" " ind2=" "><marc:subfield code="a">In scope of the U.S. Government Publishing Office Cataloging and Indexing Program (C&amp;I) and Federal Depository Library Program (FDLP).</marc:subfield></marc:datafield><marc:datafield tag="500" ind1=" " ind2=" "><marc:subfield code="a">Shows roads open to all highway legal vehicles, roads open to all vehicles, trails open to all vehicles, trails open to motorcycles only, trails open to wheeled vehicles 50 or less in width, U.S. and State highways, and other public roads. Also shows Forest Service campground locations.</marc:subfield></marc:datafield><marc:datafield tag="500" ind1=" " ind2=" "><marc:subfield code="a">Includes text, notes, &quot;Roads too short to be seen clearly on map,&quot; &quot;Dispersed camping&quot; &quot;Seasonal designations&quot; tables, vicinity map, &quot;Information Sources&quot; directory, and illustration.</marc:subfield></marc:datafield><marc:datafield tag="588" ind1="0" ind2=" "><marc:subfield code="a">Jan.-01-2010; title from PDF cover (GovInfo,viewed July 3, 2024).</marc:subfield></marc:datafield><marc:datafield tag="588" ind1="1" ind2=" "><marc:subfield code="a">April 2024 (USFS, viewed July 3, 2024).</marc:subfield></marc:datafield><marc:datafield tag="650" ind1=" " ind2="0"><marc:subfield code="a">Motor vehicles</marc:subfield><marc:subfield code="x">Recreational use</marc:subfield><marc:subfield code="z">Colorado</marc:subfield><marc:subfield code="z">Roosevelt National Forest</marc:subfield><marc:subfield code="v">Maps.</marc:subfield></marc:datafield><marc:datafield tag="650" ind1=" " ind2="0"><marc:subfield code="a">Automobile driving</marc:subfield><marc:subfield code="z">Colorado</marc:subfield><marc:subfield code="z">Roosevelt National Forest</marc:subfield><marc:subfield code="v">Maps.</marc:subfield></marc:datafield><marc:datafield tag="650" ind1=" " ind2="0"><marc:subfield code="a">Roads</marc:subfield><marc:subfield code="z">Colorado</marc:subfield><marc:subfield code="z">Roosevelt National Forest</marc:subfield><marc:subfield code="v">Maps.</marc:subfield></marc:datafield><marc:datafield tag="650" ind1=" " ind2="0"><marc:subfield code="a">Outdoor recreation</marc:subfield><marc:subfield code="z">Colorado</marc:subfield><marc:subfield code="z">Roosevelt National Forest</marc:subfield><marc:subfield code="v">Maps.</marc:subfield></marc:datafield><marc:datafield tag="651" ind1=" " ind2="0"><marc:subfield code="a">Roosevelt National Forest (Colo.)</marc:subfield><marc:subfield code="v">Maps.</marc:subfield></marc:datafield><marc:datafield tag="655" ind1=" " ind2="7"><marc:subfield code="a">Road maps.</marc:subfield><marc:subfield code="2">lcgft</marc:subfield><marc:subfield code="0">https://id.loc.gov/authorities/genreForms/gf2011026536</marc:subfield></marc:datafield><marc:datafield tag="776" ind1="0" ind2="8"><marc:subfield code="i">Print version:</marc:subfield><marc:subfield code="a">United States. Forest Service,</marc:subfield><marc:subfield code="t">Motor vehicle use map. Boulder Ranger District, Roosevelt National Forest, Colorado</marc:subfield><marc:subfield code="w">(DLC) 2024234826</marc:subfield><marc:subfield code="w">(OCoLC)967343129</marc:subfield></marc:datafield><marc:datafield tag="856" ind1="4" ind2="0"><marc:subfield code="u">https://purl.fdlp.gov/GPO/gpo230832</marc:subfield><marc:subfield code="7">0</marc:subfield></marc:datafield><marc:datafield tag="856" ind1="4" ind2=" "><marc:subfield code="z">Address at time of PURL creation</marc:subfield><marc:subfield code="u">https://www.fs.usda.gov/detail/arp/maps-pubs/?cid=fsm91_058275</marc:subfield></marc:datafield><marc:datafield tag="994" ind1=" " ind2=" "><marc:subfield code="a">C0</marc:subfield><marc:subfield code="b">GPO</marc:subfield></marc:datafield><marc:datafield tag="049" ind1=" " ind2=" "><marc:subfield code="a">XZLS</marc:subfield></marc:datafield><marc:datafield tag="955" ind1=" " ind2=" "><marc:subfield code="a">bc72 20240705</marc:subfield><marc:subfield code="b">20240705</marc:subfield></marc:datafield><marc:datafield tag="922" ind1=" " ind2=" "><marc:subfield code="a">CONSERNEW</marc:subfield><marc:subfield code="b">20240705</marc:subfield></marc:datafield><marc:datafield tag="922" ind1=" " ind2=" "><marc:subfield code="a">NOISSN</marc:subfield></marc:datafield><marc:datafield tag="922" ind1=" " ind2=" "><marc:subfield code="a">UNREPORTEDPUBSSTAFF</marc:subfield><marc:subfield code="b">20240705</marc:subfield></marc:datafield></marc:record>