
<marc:record><marc:leader>03174nas a2200421 i 4500</marc:leader>
<marc:controlfield tag="001">001413402</marc:controlfield>
<marc:controlfield tag="005">20240723140224.0</marc:controlfield><marc:controlfield tag="008">240723d19741976dcuar        f0    0eng d</marc:controlfield><marc:datafield tag="035" ind1=" " ind2=" "><marc:subfield code="a">(OCoLC)1449569912</marc:subfield></marc:datafield><marc:datafield tag="040" ind1=" " ind2=" "><marc:subfield code="a">GPO</marc:subfield><marc:subfield code="b">eng</marc:subfield><marc:subfield code="e">rda</marc:subfield><marc:subfield code="c">GPO</marc:subfield></marc:datafield><marc:datafield tag="043" ind1=" " ind2=" "><marc:subfield code="a">n-us---</marc:subfield></marc:datafield><marc:datafield tag="074" ind1=" " ind2=" "><marc:subfield code="a">0613</marc:subfield></marc:datafield><marc:datafield tag="086" ind1="0" ind2=" "><marc:subfield code="a">I 49.24:</marc:subfield></marc:datafield><marc:datafield tag="245" ind1="0" ind2="0"><marc:subfield code="a">Hunting regulations.</marc:subfield><marc:subfield code="p">Federal regulations governing the hunting seasons, limits, and shooting hour schedules of mourning and white-winged doves, wild pigeons, rails, woodcock, snipe, sea ducks, and gallinule, in the contiguous the United States and in Hawaii and of waterfowl, coots, snipe, and cranes in Alaska /</marc:subfield><marc:subfield code="c">United States Department of the Interior, Bureau of Sport Fisheries and Wildlife.</marc:subfield></marc:datafield><marc:datafield tag="246" ind1="1" ind2=" "><marc:subfield code="a">Federal regulations governing the hunting, seasons, limits, and shooting hour schedules of ... in the contiguous United States and in Hawaii and of waterfowl, coots, snipe, and cranes in Alaska</marc:subfield></marc:datafield><marc:datafield tag="246" ind1="1" ind2=" "><marc:subfield code="i">Volume for 1975-76 has title:</marc:subfield><marc:subfield code="a">Hunting regulations.</marc:subfield><marc:subfield code="p">Federal regulations governing the hunting seasons, limits, and shooting hour schedules of mourning and white-winged doves, wild pigeons, rails, woodcock, snipe, sea ducks, and gallinule, in the contiguous the United States and in Hawaii; of ducks, doves and pigeons in Puerto Rico; of zenaida doves and scaly-napped pigeons in the Virgin Islands and of waterfowl, coots, snipe, and cranes in Alaska</marc:subfield></marc:datafield><marc:datafield tag="264" ind1=" " ind2="1"><marc:subfield code="a">Washington, D.C. :</marc:subfield><marc:subfield code="b">United States Department of the Interior, Fish and Wildlife Service, Bureau of Sport Fisheries and Wildlife,</marc:subfield><marc:subfield code="c">1973-1975.</marc:subfield></marc:datafield><marc:datafield tag="300" ind1=" " ind2=" "><marc:subfield code="a">volumes ;</marc:subfield><marc:subfield code="c">28 cm.</marc:subfield></marc:datafield><marc:datafield tag="310" ind1=" " ind2=" "><marc:subfield code="a">Annual</marc:subfield></marc:datafield><marc:datafield tag="336" ind1=" " ind2=" "><marc:subfield code="a">text</marc:subfield><marc:subfield code="b">txt</marc:subfield><marc:subfield code="2">rdacontent</marc:subfield></marc:datafield><marc:datafield tag="337" ind1=" " ind2=" "><marc:subfield code="a">unmediated</marc:subfield><marc:subfield code="b">n</marc:subfield><marc:subfield code="2">rdamedia</marc:subfield></marc:datafield><marc:datafield tag="338" ind1=" " ind2=" "><marc:subfield code="a">volume</marc:subfield><marc:subfield code="b">nc</marc:subfield><marc:subfield code="2">rdacarrier</marc:subfield></marc:datafield><marc:datafield tag="362" ind1="1" ind2=" "><marc:subfield code="a">Began with 1973-74; ceased with 1975-76</marc:subfield></marc:datafield><marc:datafield tag="490" ind1="1" ind2=" "><marc:subfield code="a">Regulatory announcement</marc:subfield></marc:datafield><marc:datafield tag="500" ind1=" " ind2=" "><marc:subfield code="a">Some issues cataloged and distributed as monographs in GPO.</marc:subfield><marc:subfield code="5">GPO</marc:subfield></marc:datafield><marc:datafield tag="500" ind1=" " ind2=" "><marc:subfield code="a">GPO Historic Project-publication not in hand.</marc:subfield><marc:subfield code="5">DGPO.</marc:subfield></marc:datafield><marc:datafield tag="550" ind1=" " ind2=" "><marc:subfield code="a">Issued by: Bureau of Sport Fisheries and Wildlife, 1973-74; by: Fish and Wildlife Service, 1974-75 to 1975-76.</marc:subfield></marc:datafield><marc:datafield tag="650" ind1=" " ind2="0"><marc:subfield code="a">Game laws</marc:subfield><marc:subfield code="z">United States.</marc:subfield></marc:datafield><marc:datafield tag="650" ind1=" " ind2="0"><marc:subfield code="a">Fowling</marc:subfield><marc:subfield code="x">Law and legislation.</marc:subfield><marc:subfield code="0">https://id.loc.gov/authorities/subjects/sh85051112</marc:subfield></marc:datafield><marc:datafield tag="710" ind1="1" ind2=" "><marc:subfield code="a">United States.</marc:subfield><marc:subfield code="b">Bureau of Sport Fisheries and Wildlife,</marc:subfield><marc:subfield code="0">https://id.loc.gov/authorities/names/n79006433</marc:subfield><marc:subfield code="e">issuing body.</marc:subfield></marc:datafield><marc:datafield tag="710" ind1="2" ind2=" "><marc:subfield code="a">U.S. Fish and Wildlife Service,</marc:subfield><marc:subfield code="0">https://id.loc.gov/authorities/names/n79006435</marc:subfield><marc:subfield code="e">issuing body.</marc:subfield></marc:datafield><marc:datafield tag="780" ind1="0" ind2="0"><marc:subfield code="t">Hunting regulations. Federal regulations governing the hunting, possession, transportation, and importation of mourning and white-winged doves, wild pigeons, rails, woodcock, snipe, sea ducks, and gallinule, in the contiguous United States and in Hawaii and of waterfowl, coots, snipe, and cranes in Alaska</marc:subfield><marc:subfield code="w">(OCoLC)1449569790</marc:subfield></marc:datafield><marc:datafield tag="785" ind1="0" ind2="0"><marc:subfield code="a">U.S. Fish and Wildlife Service.</marc:subfield><marc:subfield code="t">Summary of federal hunting regulations</marc:subfield><marc:subfield code="x">0276-0207</marc:subfield><marc:subfield code="w">(DLC)sc 80000090</marc:subfield><marc:subfield code="w">(OCoLC)2719670</marc:subfield></marc:datafield><marc:datafield tag="830" ind1=" " ind2="0"><marc:subfield code="a">Regulatory announcement (U.S. Fish and Wildlife Service)</marc:subfield><marc:subfield code="0">https://id.loc.gov/authorities/names/no2019025128</marc:subfield></marc:datafield><marc:datafield tag="994" ind1=" " ind2=" "><marc:subfield code="a">C0</marc:subfield><marc:subfield code="b">GPO</marc:subfield></marc:datafield><marc:datafield tag="049" ind1=" " ind2=" "><marc:subfield code="a">XZLA</marc:subfield></marc:datafield><marc:datafield tag="955" ind1=" " ind2=" "><marc:subfield code="a">bc31 20240723</marc:subfield><marc:subfield code="b">20240723</marc:subfield></marc:datafield><marc:datafield tag="922" ind1=" " ind2=" "><marc:subfield code="a">CONSERCHANGED</marc:subfield><marc:subfield code="b">20240723</marc:subfield></marc:datafield></marc:record>